@article{shetty2004enron,
  title={The Enron email dataset database schema and brief statistical report},
  author={Shetty, Jitesh and Adibi, Jafar},
  journal={Information sciences institute technical report, University of Southern California},
  volume={4},
  year={2004}
}

@article{buyya1999high,
  title={High performance cluster computing: Architectures and systems (volume 1)},
  author={Buyya, Rajkumar and others},
  journal={Prentice Hall, Upper SaddleRiver, NJ, USA},
  volume={1},
  pages={999},
  year={1999}
}

@article{zaharia2010spark,
  title={Spark: Cluster Computing with Working Sets.},
  author={Zaharia, Matei and Chowdhury, Mosharaf and Franklin, Michael J and Shenker, Scott and Stoica, Ion},
  journal={HotCloud},
  volume={10},
  pages={10--10},
  year={2010}
}

@misc{chen2002enterprise,
  title={Enterprise mobile server platform},
  author={Chen, Yih-Farn and Huang, Huale and Jana, Rittwik and Jim, Trevor and John, Sam and Jora, Serban and Muthumanickam, Radhakrishnan and Wei, Bin},
  year={2002},
  month=jun # "~10",
  publisher={Google Patents},
  note={US Patent App. 10/165,887}
}

@inproceedings{shvachko2010hadoop,
  title={The hadoop distributed file system},
  author={Shvachko, Konstantin and Kuang, Hairong and Radia, Sanjay and Chansler, Robert},
  booktitle={Mass Storage Systems and Technologies (MSST), 2010 IEEE 26th Symposium on},
  pages={1--10},
  year={2010},
  organization={IEEE}
}

@inproceedings{weil2006ceph,
  title={Ceph: A scalable, high-performance distributed file system},
  author={Weil, Sage A and Brandt, Scott A and Miller, Ethan L and Long, Darrell DE and Maltzahn, Carlos},
  booktitle={Proceedings of the 7th symposium on Operating systems design and implementation},
  pages={307--320},
  year={2006},
  organization={USENIX Association}
}

@inproceedings{klimt2004introducing,
  title={Introducing the Enron Corpus.},
  author={Klimt, Bryan and Yang, Yiming},
  booktitle={CEAS},
  year={2004}
}

@incollection{klimt2004enron,
  title={The enron corpus: A new dataset for email classification research},
  author={Klimt, Bryan and Yang, Yiming},
  booktitle={Machine learning: ECML 2004},
  pages={217--226},
  year={2004},
  publisher={Springer}
}

@inproceedings{zhou2007strategies,
  title={Strategies for cleaning organizational emails with an application to Enron email dataset},
  author={Zhou, Yingjie and Goldberg, Mark and Magdon-Ismail, Malik and Wallace, Al},
  booktitle={5th Conf. of North American Association for Computational Social and Organizational Science},
  year={2007}
}

@article{corrada2004enron,
  title={Enron email dataset research},
  author={Corrada-Emmanuel, Andres},
  journal={Retrieved October},
  volume={5},
  year={2004}
}